@Book{xie2015,
  title = {Dynamic Documents with {R} and knitr},
  author = {Yihui Xie},
  publisher = {Chapman and Hall/CRC},
  address = {Boca Raton, Florida},
  year = {2015},
  edition = {2nd},
  note = {ISBN 978-1498716963},
  url = {http://yihui.name/knitr/},
}

@Article{schwartz2007hidden,
author = {Glenn M. Schwartz},
title = {Hidden tombs of ancient Syria},
journal = {Natural History},
year = {2007},
volume = {116},
number = {4},
pages = {42--48}
}

@Proceedings{standards1994,
title = {Standards for data collection from human skeletal remains},
year = {1994},
editor = {Jane E. Buikstra and Douglas H. Ubelaker},
number = {No. 44},
series = {Research Series},
publisher = {Arkansas Archeological Survey},
address = {Fayetteville}
}

@Book{scott2000anthteeth,
author = {Richard G. Scott and Christy G. Turner},
title = {The anthropology of modern human teeth: dental morphology and its variation in recent human populations},
publisher = {Cambridge University Press},
year = {2000},
address = {New York}
}

@Article{soltysiak2011mmd,
author = {Arkadiusz Soltysiak},
title = {Technical Note: An R script for Smith's Mean Measure of Divergence},
journal = {Bioarchaeology of the Near East},
year = {2011},
volume = {5},
pages = {41--44}
}

@Book{ortner2003identification,
  title={Identification of pathological conditions in human skeletal remains},
  author={Donald J. Ortner},
  year={2003},
  publisher={Academic Press},
  address={San Diego}
}

@Article{harris2004calculation,
  title={Calculation of Smithâ€™s mean measure of divergence for intergroup comparisons using nonmetric data},
  author={Harris, Edward F and Sj{\o}vold, Torstein},
  journal={Dental Anthropology},
  volume={17},
  number={3},
  pages={83--93},
  year={2004}
}

@Article {irish2010mmd,
author = {Irish, Joel D.},
title = {The mean measure of divergence: Its utility in model-free and model-bound analyses relative to the Mahalanobis D2 distance for nonmetric traits},
journal = {American Journal of Human Biology},
volume = {22},
number = {3},
publisher = {Wiley Subscription Services, Inc., A Wiley Company},
issn = {1520-6300},
url = {http://dx.doi.org/10.1002/ajhb.21010},
doi = {10.1002/ajhb.21010},
pages = {378--395},
year = {2010},
}

@Article{smith1977note,
  title={A note on genetic distance},
  author={Smith, Cedric AB},
  journal={Annals of human genetics},
  volume={40},
  number={4},
  pages={463--479},
  year={1977}
}

@Article{walker2009causes,
  title={The causes of porotic hyperostosis and cribra orbitalia: A reappraisal of the iron-deficiency-anemia hypothesis},
  author={P. L. Walker and R. R. Bathurst and R. Richman and T. Gjerdrum and V. A. Andrushko},
  journal={American Journal of Physical Anthropology},
  volume={139},
  number={2},
  pages={109--125},
  year={2009}
}
